<?xml version="1.0" encoding="UTF-8"?><collection xmlns="http://www.loc.gov/MARC21/slim"><record><leader>00639nam--2200181-i-4500</leader><controlfield tag="001">000013145</controlfield><controlfield tag="002">20161230</controlfield><controlfield tag="005">20161230201030</controlfield><controlfield tag="008">060222s1000------------r-----000-0-eng-d</controlfield><datafield ind1=" " ind2=" " tag="040"><subfield code="a">IFIN-HH</subfield></datafield><datafield ind1=" " ind2=" " tag="080"><subfield code="a">519.17(061.3)</subfield></datafield><datafield ind1="1" ind2=" " tag="100"><subfield code="a">Bondy, J.A</subfield></datafield><datafield ind1="1" ind2="0" tag="245"><subfield code="a">Graph theory and related topics</subfield><subfield code="b">Proccedings of the conference held in honour of Proffesor W.T. Tutte on the occasion of his sixtieth birthday, University of Waterloo, July 5-9, 1977</subfield><subfield code="c">J.A. Bondy ; U.S.R. Murty (Editors)</subfield></datafield><datafield ind1=" " ind2=" " tag="260"><subfield code="a">New York, Academic Press, 1979</subfield></datafield><datafield ind1=" " ind2=" " tag="300"><subfield code="a">XXXII + 371 P</subfield></datafield><datafield ind1="1" ind2=" " tag="700"><subfield code="a">Murty, U.S.R</subfield></datafield><datafield ind1=" " ind2=" " tag="852"><subfield code="a">47188</subfield><subfield code="c">519.2</subfield></datafield><datafield ind1=" " ind2=" " tag="CAT"><subfield code="a">Sys</subfield><subfield code="c">20100607</subfield><subfield code="h">095308</subfield></datafield></record></collection>